@book{Thrun:2005:PR:1121596,
 author = {Thrun, Sebastian and Burgard, Wolfram and Fox, Dieter},
 title = {Probabilistic Robotics (Intelligent Robotics and Autonomous Agents)},
 year = {2005},
 isbn = {0262201623},
 publisher = {The MIT Press},
}

@article{Labbe:2018,
 author = {Labb{\'e}, Mathieu and Michaud, Fran\c{c}ois},
 title = {Long-term Online Multi-session Graph-based SPLAM with Memory Management},
 journal = {Auton. Robots},
 issue_date = {August    2018},
 volume = {42},
 number = {6},
 month = aug,
 year = {2018},
 issn = {0929-5593},
 pages = {1133--1150},
 numpages = {18},
 url = {https://doi.org/10.1007/s10514-017-9682-5},
 doi = {10.1007/s10514-017-9682-5},
 acmid = {3231152},
 publisher = {Kluwer Academic Publishers},
 address = {Norwell, MA, USA},
 keywords = {Loop closure detection, Multi-session, Path planning, Pose graph, SLAM},
} 

@conference {288,
	title = {ROS: an open-source Robot Operating System},
	booktitle = {ICRA Workshop on Open Source Software},
	year = {2009},
	attachments = {http://www.willowgarage.com/sites/default/files/icraoss09-ROS.pdf},
	author = {Morgan Quigley and Ken Conley and Brian P. Gerkey and Josh Faust and Tully Foote and Jeremy Leibs and Rob Wheeler and Andrew Y. Ng},
}

@article{labbertab,
  title={RTAB-Map as an open-source lidar and visual simultaneous localization and mapping library for large-scale and long-term online operation},
  author={Labb{\'e}, Mathieu and Michaud, Fran{\c{c}}ois},
  journal={Journal of Field Robotics},
  publisher={Wiley Online Library}
}


@conference{GuHolLilLev17,
  title = {Deep Reinforcement Learning for Robotic Manipulation with Asynchronous Off-Policy Updates},
  author = {Gu*, Shixiang and Holly*, Ethan and Lillicrap, Timothy and Levine, Sergey},
  booktitle = {Proceedings 2017 IEEE International Conference on Robotics and Automation (ICRA)},
  publisher = {IEEE},
  address = {Piscataway, NJ, USA},
  month = may,
  year = {2017},
  note = {*equal contribution},
  month_numeric = {5}
}

@article{Arulkumaran2017ABS,
  title={A Brief Survey of Deep Reinforcement Learning},
  author={Kailash Arulkumaran and Marc Peter Deisenroth and Miles Brundage and Anil A. Bharath},
  journal={CoRR},
  year={2017},
  volume={abs/1708.05866}
}

@article{mnih2015humanlevel,
  added-at = {2015-08-26T14:46:40.000+0200},
  author = {Mnih, Volodymyr and Kavukcuoglu, Koray and Silver, David and Rusu, Andrei A. and Veness, Joel and Bellemare, Marc G. and Graves, Alex and Riedmiller, Martin and Fidjeland, Andreas K. and Ostrovski, Georg and Petersen, Stig and Beattie, Charles and Sadik, Amir and Antonoglou, Ioannis and King, Helen and Kumaran, Dharshan and Wierstra, Daan and Legg, Shane and Hassabis, Demis},
  biburl = {https://www.bibsonomy.org/bibtex/2fb15f4471c81dc2b9edf2304cb2f7083/hotho},
  description = {Human-level control through deep reinforcement learning - nature14236.pdf},
  interhash = {eac59980357d99db87b341b61ef6645f},
  intrahash = {fb15f4471c81dc2b9edf2304cb2f7083},
  issn = {00280836},
  journal = {Nature},
  keywords = {deep learning toread},
  month = feb,
  number = 7540,
  pages = {529--533},
  publisher = {Nature Publishing Group, a division of Macmillan Publishers Limited. All Rights Reserved.},
  timestamp = {2015-08-26T14:46:40.000+0200},
  title = {Human-level control through deep reinforcement learning},
  url = {http://dx.doi.org/10.1038/nature14236},
  volume = 518,
  year = 2015
}

@inproceedings{Mnih:2016:AMD:3045390.3045594,
 author = {Mnih, Volodymyr and Badia, Adri\`{a} Puigdom\`{e}nech and Mirza, Mehdi and Graves, Alex and Harley, Tim and Lillicrap, Timothy P. and Silver, David and Kavukcuoglu, Koray},
 title = {Asynchronous Methods for Deep Reinforcement Learning},
 booktitle = {Proceedings of the 33rd International Conference on International Conference on Machine Learning - Volume 48},
 series = {ICML'16},
 year = {2016},
 location = {New York, NY, USA},
 pages = {1928--1937},
 numpages = {10},
 url = {http://dl.acm.org/citation.cfm?id=3045390.3045594},
 acmid = {3045594},
 publisher = {JMLR.org},
} 

@inproceedings{DBLP:conf/aaaifs/HausknechtS15,
  author    = {Matthew J. Hausknecht and
               Peter Stone},
  title     = {Deep Recurrent Q-Learning for Partially Observable MDPs},
  booktitle = {{AAAI} Fall Symposia},
  pages     = {29--37},
  publisher = {{AAAI} Press},
  year      = {2015}
}


